<?xml version="1.0" encoding="UTF-8"?><collection xmlns="http://www.loc.gov/MARC21/slim"><record><leader>00448nam--2200181-i-4500</leader><controlfield tag="001">000001236</controlfield><controlfield tag="002">20161230</controlfield><controlfield tag="005">20161230201024</controlfield><controlfield tag="008">060222s1000------------r-----000-0-rum-d</controlfield><datafield ind1=" " ind2=" " tag="040"><subfield code="a">IFIN-HH</subfield></datafield><datafield ind1=" " ind2=" " tag="041"><subfield code="a">rum</subfield></datafield><datafield ind1=" " ind2=" " tag="080"><subfield code="a">539.317.71</subfield></datafield><datafield ind1="1" ind2=" " tag="100"><subfield code="a">Frankel, David</subfield></datafield><datafield ind1="1" ind2="0" tag="245"><subfield code="a">Traducatoare galvanomagnetice</subfield><subfield code="c">David frankel</subfield></datafield><datafield ind1=" " ind2=" " tag="260"><subfield code="a">Bucuresti</subfield><subfield code="b">Editura Facla</subfield><subfield code="c">1973</subfield></datafield><datafield ind1=" " ind2=" " tag="300"><subfield code="a">266 P</subfield></datafield><datafield ind1=" " ind2=" " tag="852"><subfield code="a">77369</subfield><subfield code="c">539.4</subfield></datafield><datafield ind1=" " ind2=" " tag="CAT"><subfield code="a">Sys</subfield><subfield code="c">20130130</subfield><subfield code="h">150844</subfield></datafield></record></collection>